  @book{kane1985dynamics,
    title={Dynamics: Theory and Applications},
    author={Kane, T.R. Levinson, D.A.},
    year={1985},
    publisher={McGraw-Hill Education},
    chapter={Chapter 1}
  }

  @book{meriam2016engineering,
    title={Engineering Mechanics: Dynamics},
    author={Meriam, J.L. and Kraige, L.G.},
    year={2016},
    publisher={Wiley},
    chapter={Chapter 16}
  }

  @book{hibbeler2017mechanics,
    title={Mechanics of Materials},
    author={Hibbeler, R.C.},
    year={2017},
    publisher={Pearson},
    chapter={Chapter 6}
  }
 
  @book{planchard2017solidworks,
  title={SOLIDWORKS 2017 reference guide},
  author={Planchard, David},
  year={2017},
  publisher={Sdc Publications}
}